Automatically generated by Mendeley Desktop 1.11
Any changes to this file will be lost if it is regenerated by Mendeley.

BibTeX export options can be customized via Options -> BibTeX in Mendeley Desktop

@inproceedings{Mangla2014d,
address = {London},
author = {Mangla, A and Sallese, J and Sampedro, C and Gamiz, F and Enz, C},
booktitle = {MOS-AK},
title = {{Modeling the channel charge and potential in quasi-ballistic nanoscale double-gate MOSFETs}},
year = {2014}
}
@article{Mangla2014b,
author = {Mangla, A and Sallese, J and Sampedro, C and Gamiz, F and Enz, C},
file = {:C\:/Users/mangla/Documents/EPFL/Research/References/IEEE Transactions on Electron Devices/2014/Mangla et al. - Modeling the channel charge and potential in quasi-ballistic nanoscale double-gate MOSFETs - IEEE Transactions on Electr.pdf:pdf},
journal = {IEEE Trans. Electron Devices},
title = {{Modeling the channel charge and potential in quasi-ballistic nanoscale double-gate MOSFETs}},
volume = {Submitted},
year = {2014}
}
@article{Mangla2014c,
author = {Mangla, A and Sallese, J and Sampedro, C and Gamiz, F and Enz, C},
file = {:C\:/Users/mangla/Documents/EPFL/Research/References/Solid-State Electronics/2014/Mangla et al. - Study of Electrostatics in Ballistic Double-Gate MOSFETs using Partial Gate Geometry - Solid-State Electronics - 2014.pdf:pdf},
journal = {Solid. State. Electron.},
keywords = {ballistic,double-gate,mosfet,partial gate},
title = {{Study of Electrostatics in Ballistic Double-Gate MOSFETs using Partial Gate Geometry}},
volume = {Submitted},
year = {2014}
}
@inproceedings{Mangla2014a,
address = {Tarragona},
author = {Mangla, A and Sallese, J and Sampedro, C and Gamiz, F and Enz, C},
booktitle = {EUROSOI 2014},
file = {:C\:/Users/mangla/Documents/EPFL/Research/References/EUROSOI 2014/2014/Mangla et al. - Role of the gate in ballistic nanowire SOI MOSFETs - EUROSOI 2014 - 2014.pdf:pdf},
title = {{Role of the gate in ballistic nanowire SOI MOSFETs}},
url = {http://tarragona2014.eurosoi.org/},
year = {2014}
}