@article{FIS93,
  author	= "M. V. Fischetti and S. E. Laux",
  title		= "{Monte Carlo Study of Electron Transport in Silicon Inversion Layers}",
  journal	= "Physical Rev. B",
  volume	= "48",
  number	= "4",
  year		= "1993",
  pages		= "2244-2274"
}


@article{GAM02,
author = {F. Gamiz and P. Cartujo-Cassinello and J. B. Roldan and F. Jimenez-Molinos},
collaboration = {},
title = "{Electron transport in strained Si inversion layers grown on SiGe-on-insulator substrates}",
publisher = {AIP},
year = {2002},
journal = {Journal of Applied Physics},
volume = {92},
number = {1},
pages = {288-295},
keywords = {silicon; Ge-Si alloys; semiconductor-insulator boundaries; elemental semiconductors; inversion layers; electron mobility; MOSFET; electron-phonon interactions; Schrodinger equation; Poisson equation; Monte Carlo methods; semiconductor device models; Boltzmann equation},
doi = {10.1063/1.1481962}
}

@article{SAM10,
title = "{Multi-Subband Monte Carlo study of device orientation effects in ultra-short channel DGSOI}",
journal = "Solid-State Electronics",
volume = "54",
number = "2",
pages = "131 - 136",
year = "2010",
issn = "0038-1101",
doi = "DOI: 10.1016/j.sse.2009.12.007",
author = "C. Sampedro and F. Gamiz and A. Godoy and R. Valin and A. Garcia-Loureiro and F.G. Ruiz",
keywords = "Nanotransistor",
keywords = "DGSOI",
keywords = "Multi-Subband",
keywords = "Crystallographic orientations"
}

@article{SAM12,
title = "{Reaching sub-32 nm nodes: ET-FDSOI and BOX optimization }",
journal = "Solid-State Electronics ",
volume = "70",
pages = "101 - 105",
year = "2012",
issn = "0038-1101",
doi = "10.1016/j.sse.2011.11.010",
author = "C. Sampedro and F. Gamiz and L. Donetti and A. Godoy",
keywords = "ET-FDSOI",
keywords = "\{UTB2SOI\}",
keywords = "Multi-Subband",
keywords = "Monte Carlo "
}

@article{SAM11a,
author = "C. Sampedro and F. Gamiz and A. Godoy and R. Valin and A. Garcia-Loureiro and N. Rodriguez and I.M. Tienda-Luna and F. Martinez-Carricondo and B. Biel",
title = "{Multi-Subband Ensemble Monte Carlo simulation of bulk MOSFETs for the 32 nm-node and beyond}",
journal = "Solid-State Electronics",
volume = "65-66",
pages = "88 - 93",
year = "2011"
}

@article{VAL12,
 author = "R. Valin and C Sampedro and N. Seoane and M. Aldegunde and A. Garcia-Loureiro and A. Godoy and F. Gamiz",
 title = "{Optimisation and parallelisation of a 2D MOSFET multi-subband ensemble Monte Carlo simulator}",
 journal = "{The International Journal of High Performance Computing Applications, in Press, doi.10.1177/1094342012464799}",
 doi = {10.1177/1094342012464799},
 year = {2012}
 }

@ARTICLE{VEN02,
   author = {{Venugopal}, R. and {Ren}, Z. and {Datta}, S. and {Lundstrom}, M.~S. and {Jovanovic}, D.},
    title = "{Simulating Quantum Transport in Nanoscale Transistors: Real Versus Mode-Space Approaches}",
  journal = {Journal of Applied Physics},
 keywords = {silicon-on-insulator, MOSFET, semiconductor device models, high field effects, Green's function methods, Poisson equation, quantum theory},
     year = 2002,
    month = oct,
   volume = 92,
    pages = {3730-3739},
      doi = {10.1063/1.1503165},
   adsurl = {http://adsabs.harvard.edu/abs/2002JAP....92.3730V},
  adsnote = {Provided by the SAO/NASA Astrophysics Data System}
};